@Comment{Templates pour bibliographie}

Article{templateArticle,
author={},
journal={},
title={},
year={},
month={},
pages={},
notes={}
}

book{templateLivre,
author={},
title={},
publisher={},
year={}
}

phdthesis{templateThese,
title={},
author={},
school={},
year={}
}